0740001111111111111Full name           01234000111111111111+00011111111111+000111111111111111111111111111111111111ABC
0750000000123456789000000098765432100000123456780000000123001000000123400000000000000000000200723Objednávka è. 1234  00203200723
0750000000123456789000000098765432100000183456780000000123001000000123500000000000000000000200723Objednávka 1235     00203200723
0750000000123456789000000098765432100000000000000000000123001000000001200000000000000000000200723Platba kartou       00203200723
0750000000123456789000000098765432100000243456780000000123001000000123600000000000000000000200723Objednavka 1236     00203200723
0750000000123456789000000098765432100000000000000000000123001000000001200000000000000000000200723Platba kartou       00203200723
